本
@book{ros2kondo2024,
  author = {近藤 豊},
  publisher = {技術評論社},
  title = {改訂新版 ROS 2ではじめよう次世代ロボットプログラミング〜ロボットアプリケーション開発のための基礎から実践まで},
  url={https://books.google.co.jp/books?id=ZNzAyAEACAAJ},
  year = {2024}
}
@book{ros2demura,
  author = {出村 公成，萩原 良信，升谷 保博，タン ジェフリー トゥ チュアン},
  publisher = {講談社サイエンティフィク},
  title = {ROS2とPythonで作って学ぶAIロボット入門},
  url={https://books.google.co.jp/books?id=TO2mEAAAQBAJ},
  year = {2022}
}

学会発表の予稿論文
@misc{katayama2023,
  author = {片山 晴貴},
  howpublished = {第42回計測自動制御学会九州支部学術講演会},
  title = {{Zenoh} と点群処理を用いた{ROS 2} による移動ロボット車の遠隔操縦},
  note = {104C01},
  year = {2023}
}
@misc{sugimoto2024,
  author = {杉本 智暉，佐藤 和也},
  howpublished = {第25回計測自動制御学会システムインテグレーション部門大会},
  title = {{ROS 2} と{Zenoh} を用いた小型建機の遠隔操作システム開発},
  note = {3C1-12},
  year = {2024}
}
@book{rosbook_nishida,
  title     = {実用ロボット開発のためのROSプログラミング},
  author    = {西田健，森田賢，岡田浩之，原祥尭，山崎公俊，田向権，垣内洋平，大川一也，齋藤功，田中良道，有田裕太，石田裕太郎},
  month     = {10},
  year      = {2018},
  publisher = {森北出版株式会社},
  totalpages= {304},
  isbn      = {9784627675810},
  url       = {\url{https://github.com/Nishida-Lab/rosbook_pkgs}}
}

論文
@article{Shimoda2023,
  title={Autonomous Motion Control of a Mobile Robot Using Marker Recognition via Deep Learning in GPS-Denied Environments},
  author={Takashi Shimoda and Shoya Koga and Kazuya Sato},
  journal={Journal of Robotics and Mechatronics},
  volume={35},
  number={1},
  pages={136-144},
  year={2023},
  doi={10.20965/jrm.2023.p0136}
}

web サイト
@misc{ros2,
  author = {Open Robotics},
  title = {Documentation/ ROSとは},
  year = {2024},
  howpublished = {\url{https://www.ros.org/}}
}